@article{1994Absolute,
  title={Absolute calibration and monitoring of a spectrometric channel using a photomultiplier},
  author={ Bellamy, E. H.  and  Bellettini, G.  and  Budagov, J.  and  Cervelli, F. },
  journal={NUCLEAR INSTRUMENTS AND METHODS IN PHYSICS RESEARCH SECTION A},
  volume={339},
  number={3},
  pages={468-476},
  year={1994},
}

@misc{2021Gain,
  title={Gain and charge response of 20" MCP and dynode PMTs},
  author={ Zhang, H. Q.  and  Wang, Z. M.  and  Luo, F. J.  and  Yang, A. B.  and  Wu, D. R.  and  Li, Y. C.  and  Qin, Z. H.  and  Yang, C. G.  and  Heng, Y. K.  and  Wang, Y. F. },
  publisher={JInst},
  year={2021},
}
@inproceedings{2020Analysis,
  title={Analysis of Secondary Electron Yield and Energy Spectrum of Metal Materials based on Furman Model},
  author={ Chen, Z.  and  Chen, Y.  and  Huang, G.  and  Li, C.  and  Wang, S. },
  booktitle={2020 International Conference on Sensing, Measurement & Data Analytics in the era of Artificial Intelligence (ICSMD)},
  year={2020},
}